@article{journal,
  author = "Bad Author(s)",
  title = "Title",
  journal = "Journal Name in Italic",
  volume = "Volume in Bold",
  pages = "34--89",
  year = "19xx",
}

@article{csz_me,
  author = "P. G. Maginot and J. E. Morel and J. C. Ragusa",
  title = "A Non-negative Moment Preserving Spatial Discretization Scheme for the Lienarized Boltzmann Transport Equation in 1-D and 2-D Cartesian Geometries",
  journal = "Journal of Computational Physics",
  volume = "231",
  pages = "6801-6826",
  year = "2012",
}

@article{csz_don,
  author = "D. E. Bruss and J. E. Morel and J. C. Ragusa",
  title = "$S_2SA$ Preconditioning for the $S_N$ Equations with Strictly Non-negative Spatial Discretization",
  journal = "Journal of Computational Physics",
  volume = "273",
  pages = "706-719",
  year = "2014",
}

@inproceedings{proceedings,
  author = "Crow Duck Author(s)",
  title = "Article Title",
  booktitle = "Proceeding of Meeting",
  address = "Location",
  month = "Dates of Meeting",
  year = "19xx",
}

@book{book,
  author = "Edward Frank Author",
  title = "Book Title",
  publisher = "Publisher",
  address = "City, Country",
  year = "19xx",
}

@misc{misc,
  title = "Spallation Neutron Source: The next-generation neutron-scattering
                  facility for the United States",
  year = 2002,
  note = "http://www.sns.gov/documetation/sns\_brochure.pdf",
}